<record><leader>00000cas a2200000 a 4500</leader><controlfield tag="001">12352086</controlfield><controlfield tag="008">850806d19781982ksuwr ne      0    0eng d</controlfield><datafield ind1=" " ind2=" " tag="010"><subfield code="a">sn 85031940 </subfield></datafield><datafield ind1=" " ind2=" " tag="040"><subfield code="a">KSH</subfield><subfield code="b">eng</subfield><subfield code="c">KSH</subfield><subfield code="d">NPT</subfield><subfield code="d">OCL</subfield><subfield code="d">OCLCQ</subfield></datafield><datafield ind1=" " ind2=" " tag="042"><subfield code="a">msc</subfield></datafield><datafield ind1="0" ind2=" " tag="130"><subfield code="a">Lenora leader (Lenora, Kan. : 1978)</subfield></datafield><datafield ind1="1" ind2="4" tag="245"><subfield code="a">The Lenora leader.</subfield></datafield><datafield ind1=" " ind2=" " tag="260"><subfield code="a">Lenora, Kan. :</subfield><subfield code="b">Frankie John,</subfield><subfield code="c">1978-1982.</subfield></datafield><datafield ind1=" " ind2=" " tag="300"><subfield code="a">4 v. :</subfield><subfield code="b">ill. ;</subfield><subfield code="c">57 cm.</subfield></datafield><datafield ind1=" " ind2=" " tag="310"><subfield code="a">Weekly</subfield></datafield><datafield ind1="0" ind2=" " tag="362"><subfield code="a">Vol. 1, no. 1 (Oct. 4, 1978)-v. 4, no. 32 (May 27, 1982).</subfield></datafield><datafield ind1=" " ind2=" " tag="500"><subfield code="a">Published by: Jerry &amp; Frankie John, July 18, 1879-May 21, 1981; John &amp; Christine Gabarron, May 28, 1981-May 27, 1982.</subfield></datafield><datafield ind1=" " ind2=" " tag="752"><subfield code="a">United States</subfield><subfield code="b">Kansas</subfield><subfield code="c">Norton</subfield><subfield code="d">Lenora.</subfield></datafield></record>